@inproceedings{musynth,
    author    = {Vineeth Kashyap and
                Rebecca Swords and
                Eric Schulte and
                David Melski},
    title     = {MuSynth: Program Synthesis via Code Reuse and Code Manipulation},
    booktitle = {Search Based Software Engineering - 9th International Symposium, {SSBSE}
                2017, Paderborn, Germany, September 9-11, 2017, Proceedings},
    pages     = {117--123},
    year      = {2017}
}

@misc{sourceforager,
    title={Source Forager: A Search Engine for Similar Source Code},
    author={Vineeth Kashyap and David Bingham Brown and Ben Liblit and David Melski and Thomas Reps},
    year={2017},
    eprint={1706.02769},
    archivePrefix={arXiv},
    primaryClass={cs.SE}
}

@online{astpython, 
    title={ast - Abstract Syntax Trees}, 
    url={https://docs.python.org/3/library/ast.html},
    year={2018},
    author={Python Software Foundation}
}

@online{hackerrank,
    title={HackerRank},
    url={https://www.hackerrank.com/},
    year={2018},
    author={HackerRank}
}